<?xml version="1.0" encoding="UTF-8"?><collection xmlns="http://www.loc.gov/MARC21/slim"><record><leader>00405nam--2200169-i-4500</leader><controlfield tag="001">000050233</controlfield><controlfield tag="002">20161230</controlfield><controlfield tag="005">20170204204105</controlfield><controlfield tag="008">060222s1000------------r-----000-0-eng-d</controlfield><datafield ind1=" " ind2=" " tag="080"><subfield code="a">550.834</subfield></datafield><datafield ind1=" " ind2=" " tag="100"><subfield code="a">Barklai, U</subfield></datafield><datafield ind1=" " ind2=" " tag="245"><subfield code="a">Vvedenie v seismicheskuiu interpretaciiu</subfield></datafield><datafield ind1=" " ind2=" " tag="260"><subfield code="a">Moskva</subfield><subfield code="b">Nerda</subfield><subfield code="c">1985</subfield></datafield><datafield ind1=" " ind2=" " tag="300"><subfield code="a">308s</subfield></datafield><datafield ind1=" " ind2=" " tag="700"><subfield code="a">Mak-Kuillin, R</subfield></datafield><datafield ind1=" " ind2=" " tag="852"><subfield code="a">73336</subfield></datafield><datafield ind1=" " ind2=" " tag="CAT"><subfield code="a">SYS</subfield><subfield code="c">20170204</subfield><subfield code="h">204105</subfield></datafield></record></collection>